@Misc{DMTN-106,
  author = {Gabriele Comoretto},
   title = "{DM Release Process}",
    year = 2019,
  handle = {DMTN-106},
     url = {https://dmtn-106.lsst.io/}
}

@Misc{DMTN-104,
  author = {Gabriele Comoretto},
   title = "{Data Management Detailed Product Tree}",
    year = 2019,
  handle = {DMTN-104},
     url = {https://dmtn-104.lsst.io/}
}

@Misc{TsDevGuide,
  author = {{LSST Telescope \& Site}},
   title = "{LSST T\&S Developer Guide}",
  handle = {T\&S Developer Guide},
     url = {https://tssw-developer.lsst.io/v/couger01-feature-initial_port/}
}
